@online{biclique,
    title     = "Bipartite Dimension",
    url       = "https://en.wikipedia.org/wiki/Bipartite_dimension",
}
@article{NMF,
    author = {Nicolas Gillis},
    title = {The Why and How of Nonnegative Matrix Factorization},
    year={2014}
}
