@misc{biclique,
    author = "{Wikipedia contributors}",
    title = "Bipartite dimension --- {Wikipedia}{,} The Free Encyclopedia",
    year = "2020",
    howpublished = "\url{https://en.wikipedia.org/w/index.php?title=Bipartite_dimension&oldid=951126530}"
  }

@misc{NMF,
      title={The Why and How of Nonnegative Matrix Factorization}, 
      author={Nicolas Gillis},
      year={2014},
      eprint={1401.5226},
      archivePrefix={arXiv},
      primaryClass={stat.ML}
}