@online{biclique,
    author    = "Donald Knuth",
    title     = "Knuth: Computers and Typesetting",
    url       = "http://www-cs-faculty.stanford.edu/~uno/abcde.html",
    addendum = "(accessed: 01.09.2016)",
    keywords  = "latex,knuth"
}
@article{NMF,
    author = {Nicolas Gillis},
    title = {The Why and How of Nonnegative Matrix Factorization},
    year={2014}
}